<record xmlns='http://www.loc.gov/MARC21/slim'><leader>01417cim a22003492u 4500</leader><controlfield tag='001'>3600168</controlfield><controlfield tag='005'>20151214182514.0</controlfield><controlfield tag='007'>ss|lmnjluz|nuu</controlfield><controlfield tag='008'>991101s1987    nyunnn         l    eng d</controlfield><datafield ind1=' ' ind2=' ' tag='035'><subfield code='a'>(NIC)notisASF7233</subfield></datafield><datafield ind1=' ' ind2=' ' tag='035'><subfield code='a'>3600168</subfield></datafield><datafield ind1=' ' ind2=' ' tag='035'><subfield code='a'>(OCoLC)63895647</subfield></datafield><datafield ind1=' ' ind2=' ' tag='040'><subfield code='a'>NIC</subfield><subfield code='c'>NIC</subfield><subfield code='d'>NIC</subfield><subfield code='d'>NIC</subfield></datafield><datafield ind1='1' ind2=' ' tag='100'><subfield code='a'>Orlov, Yuri,</subfield><subfield code='d'>1924-</subfield></datafield><datafield ind1='1' ind2='0' tag='245'><subfield code='a'>Human rights violations in the Soviet Union and El Salvador</subfield><subfield code='h'>[sound recording]</subfield></datafield><datafield ind1=' ' ind2=' ' tag='260'><subfield code='c'>1987.</subfield></datafield><datafield ind1=' ' ind2=' ' tag='300'><subfield code='a'>1 sound cassette (85 min.) :</subfield><subfield code='b'>analog, mono.</subfield></datafield><datafield ind1=' ' ind2=' ' tag='500'><subfield code='a'>Recorded in Ithaca, NY by Cornell University.</subfield></datafield><datafield ind1=' ' ind2=' ' tag='500'><subfield code='a'>Sponsored by: Amnesty International.</subfield></datafield><datafield ind1=' ' ind2=' ' tag='500'><subfield code='a'>Speaker(s): Orlov is a physicist at Cornell who was recently allowed to emigrate from the Soviet Union. Dudley is coordinator of CUSLAR.</subfield></datafield><datafield ind1=' ' ind2=' ' tag='518'><subfield code='a'>Panel, February 27, 1987.</subfield></datafield><datafield ind1=' ' ind2=' ' tag='520'><subfield code='a'>The speakers discussed human rights violations in the Soviet Union and El Salvador and answered questions from the audience.  Orlov used an interpreter.</subfield></datafield><datafield ind1=' ' ind2=' ' tag='540'><subfield code='a'>No reproductions authorized.</subfield></datafield><datafield ind1=' ' ind2='0' tag='650'><subfield code='a'>Civil rights</subfield><subfield code='z'>El Salvador.</subfield></datafield><datafield ind1=' ' ind2='0' tag='650'><subfield code='a'>Civil rights</subfield><subfield code='z'>Soviet Union.</subfield></datafield><datafield ind1=' ' ind2='7' tag='650'><subfield code='a'>Civil rights</subfield><subfield code='2'>fast</subfield><subfield code='0'>(OCoLC)fst00862627</subfield></datafield><datafield ind1=' ' ind2='7' tag='651'><subfield code='a'>El Salvador</subfield><subfield code='2'>fast</subfield><subfield code='0'>(OCoLC)fst01205530</subfield></datafield><datafield ind1=' ' ind2='7' tag='651'><subfield code='a'>Soviet Union</subfield><subfield code='2'>fast</subfield><subfield code='0'>(OCoLC)fst01210281</subfield></datafield><datafield ind1='1' ind2=' ' tag='700'><subfield code='a'>Dudley, Mary Jo,</subfield><subfield code='d'>1956-</subfield></datafield><datafield ind1='1' ind2=' ' tag='899'><subfield code='a'>CULectures</subfield></datafield><datafield ind1=' ' ind2=' ' tag='905'><subfield code='a'>20000225120000.0</subfield></datafield><datafield ind1='2' ind2=' ' tag='948'><subfield code='a'>20141221</subfield><subfield code='b'>m</subfield><subfield code='d'>batch</subfield><subfield code='e'>lts</subfield><subfield code='x'>addfast</subfield></datafield></record>